<record xmlns="http://www.loc.gov/MARC21/slim" xmlns:xsi="http://www.w3.org/2001/XMLSchema-instance" xsi:schemaLocation="http://www.loc.gov/MARC21/slim http://www.loc.gov/standards/marcxml/schema/MARC21slim.xsd">

  <leader>00871nam a2200205Ia 4500</leader>
  <datafield tag="999" ind2=" " ind1=" ">
    <subfield code="c">2231</subfield>
    <subfield code="d">2231</subfield>
  </datafield>
  <controlfield tag="008">180711b2013    cr ||||| |||| 00| | spa d</controlfield>
  <datafield ind2=" " ind1=" " tag="090">
    <subfield code="a">18.01.01 </subfield>
    <subfield code="b">2094</subfield>
  </datafield>
  <datafield tag="100" ind2=" " ind1="1">
    <subfield code="a">Vargas Bolaños, Rebecca</subfield>
    <subfield code="9">250</subfield>
  </datafield>
  <datafield tag="245" ind2="0" ind1="1">
    <subfield code="a">Análisis métrico de los trabajos finales de graduación de los programas del Sistema de Estudios de Posgrado del área de ciencias sociales de la Universidad de Costa Rica / </subfield>
    <subfield code="c">Rebecca Vargas Bolaños, Yorleny Madrigal Monge, Leda Arguedas Ferreto</subfield>
  </datafield>
  <datafield tag="260" ind1=" " ind2=" ">
    <subfield code="a">San José, Costa Rica : </subfield>
    <subfield code="b">INIE, </subfield>
    <subfield code="c">2013</subfield>
  </datafield>
  <datafield tag="300" ind2=" " ind1=" ">
    <subfield code="a">41 páginas</subfield>
  </datafield>
  <datafield tag="610" ind2="4" ind1=" ">
    <subfield code="9">714</subfield>
    <subfield code="a">UNIVERSIDAD DE COSTA RICA</subfield>
  </datafield>
  <datafield tag="650" ind1="1" ind2="4">
    <subfield code="a">PROYECTO DE INVESTIGACION</subfield>
    <subfield code="9">3951</subfield>
  </datafield>
  <datafield tag="650" ind2="4" ind1="1">
    <subfield code="a">BIBLIOMETRÍA</subfield>
    <subfield code="9">2346</subfield>
  </datafield>
  <datafield ind2="4" ind1="1" tag="650">
    <subfield code="a">CIENCIAS SOCIALES </subfield>
    <subfield code="9">276</subfield>
  </datafield>
  <datafield tag="650" ind2="0" ind1="1">
    <subfield code="a">SISTEMA DE ESTUDIOS DE POSGRADO</subfield>
    <subfield code="9">3984</subfield>
  </datafield>
  <datafield tag="700" ind1=" " ind2=" ">
    <subfield code="a">Madrigal Vargas, Yorleny</subfield>
    <subfield code="9">1619</subfield>
  </datafield>
  <datafield ind2=" " ind1="1" tag="700">
    <subfield code="a">Arguedas Ferreto, Leda</subfield>
    <subfield code="9">3983</subfield>
  </datafield>
  <datafield ind1=" " ind2=" " tag="942">
    <subfield code="2">z</subfield>
    <subfield code="c">04</subfield>
  </datafield>
</record>